%@article{
%author={},
%title={},
%year={},
%journal={},
%pages={},
%volume={},
%note={} }

@article{li:ma,
  author={Li},
  title={Martingale Approach to the Study of Occurrence of Sequence Patterns in
 Repeated Experiments},
 note={\par Cколько в среднем ждать последовательности ООР? Какова вероятность того, что РРО выпадет раньше ОРО? Мартингалы приходят на помощь!} }

@article{sedlmeier:bayesian_reasoning,
author={Sedlmeier P. and Gigerenzer G.},
title={Teaching Bayesian Reasoning in Less Than Two Hours},
year={2001},
journal={Journal of Experimental Psychology},
pages={380--400},
volume={130},
note={Студенты понимают условную вероятность гораздо лучше, если ее рассказывать с помощью количеств, а не вероятностей. Лучше <<35 человек из 100>>, чем <<с вероятностью 0.35>>.}}

@article{fischbein:misconceptions,
author={Fischbein E. and Schnarch D.},
title={The evolution with age of probabilistic, intuitively based misconceptions},
year={1997},
journal={Journal for Research in Mathematics Education},
pages={96-105},
volume={28},
note={Около 10 простых вопросов по теории вероятностей, на которые люди не изучавшие теорию вероятностей дают неправильный ответ.} }


@article{ferguson:tn,
	author={Thomas Ferguson and Christian Genest},
	title={Toetjes na},
	year={2003},
	note={\par Братья по очереди пытаются угадать, сколько стоил пирог. От пирога остался только один кусочек - он достанется тому, кто оказался ближе всех к истинной цене. \url{http://www.math.ucla.edu/~tom/papers/toetjes.pdf}}}

@article{lucas:gns,
  author={Lucas},
  title={Games with no solutions and empty cores},
 note={\par Пример игры с пустым решением Неймана-Моргенштерна \par \url{http://www.jstor.org/stable/3689474}} }
 
@article{lemaire:cgtia,
  author={Lemaire},
  title={Cooperative game theory and insurance applications},
 note={\par Пять примеров реальных задач с решениями \par \url{http://www.actuaries.org/LIBRARY/ASTIN/vol21no1/17.pdf}} }


@article{apostol:visual_calculus,
  author={Tom Apostol},
  title={A Visual Approach to Calculus Problems},
  journal={Engeneering and science},
  year={2000},
 note={\par Как находить площади фигур по методу Мамикона Мнацаканяна! Площадь под экспонентой или площадь между следом заднего и переднего колеса велосипеда... Без интегрирования! \par \url{http://www.cco.caltech.edu/~mamikon/}} }

 





%  journal={Compositio Math.},
%  volume={22},
%  pages={387--425},
%  year={1970},
%  review={\MR{45:7720}},

%%%%%%%%%%%%%%%%%%%%%%%%%%%%%%%%%%%% for lln

















%%%%%%%%%%%%%%%%%%%%%%%%%%%%%%%%%%%%%%%%%%%%%%% end of lln








@article{zieve:tag,
	author={Michael Zieve},
	title={Take-Away games},
	journal={Games of No Chances, MSRI Publications},
	volume={29},
	year={1996},
	note={\par Кто выигрывает в игре, где количество камней, которое можно забирать из кучки, зависит от предыдущего хода? Для понимания требуется {\it склонность} к математике.}
}

@article{ewerhart:clg,
	author={Chrusutuan Ewerhart},
	title={Chess-like Games Are Dominance Solvable in at Most Two Steps},
	journal={Games and Economic Behavior},
	volume={33},
	pages={41--47},
	note={\par Коротенькая статья, не требующая математической подготовки, где изложено подробное (аж запутывает) доказательство того, что если бы перевести шахматы в матричную форму, то решили бы их по доминированию за два шага.}
	}
	
	
	



@article{winkler:gpdp,
  author={Winkler},
  title={Games people don't play},
  note={\par Несколько красивейших задач по теории игр с решениями! Например, как получить пользу от посторонней информации?}}

@article{brams:efcdp,
	author={Brams and Taylor}, 
	title={An envy-free cake division protocol},
	year={1995},
	note={\par Как поделить пирог без весов, чтобы никто не завидовал другому? } }

@article{peterson:epefcd,
	author={Elisha Peterson and Francis Edward Su},
	title={Exact procedures for envy-free chore division}, 
	year={1998},
	note={\par \url{http://citeseer.ist.psu.edu/22271.html} Как поделить грязную работу, чтобы никто не завидовал другому? } }

@book{colell:mt,
	author={Mas-Colell}, 
	title={Microeconomic theory}, 
	publisher={Oxford University Press},
	year={1995},
	note={\par Толстая книжка по микроэкономике ({\it Тигр: говорят, можно использовать как талисман против злых духов}), где есть несколько глав про теорию игр. Изложено занудно и аккуратно.} }
	
@book{binmore:fg,
	author={Ken Binmore},
	title={Fun and Games},
	publisher={D.C. Heath},
	year={1992},
	note={\par Оригинальная книжка по теории игр для начинающих! Серьезно и с юмором! Есть доказательство теоремы о существовании равновесия по Нэшу в смешанных стратегиях, построенное на игре <<Шестиугольники>>. } }
	
@book{ilf:12,
	author={Илья Ильф and Евгений Петров}, 
	title={Двенадцать стульев}, 
	publisher={М, Правда}, 
	year={1956},
	note={\par Рекомендуется к прочтению даже тем, кто не собирается заниматься теорией игр.} }
	
@misc{kino:mind,
	title={Кинофильм <<Игры разума>> (<<Beautiful Mind>>)},
	note={\par Абсолютно бесполезен при подготовке к экзамену по теории игр} }

@misc{jowas:incorrect,
	author={Jowas},
	title={Politically incorrect math problems},
	note={\par \url{www.mai.liu.se/~jowas/Incorrect} Здесь были политически некорректные задачи по теории игр, но они куда-то делись. } }
	


@book{redondo:etg,
	author={F. Vega-Redondo}, 
	title={Economics and the Theory of Games},
	note={\par Книжка с нестандартными обозначениями} }
	
@book{sekei:paradox,
	author={Г. Секей},
	title={Парадоксы в теории вероятностей и математической статистике},
	year={1990},
	publisher={Мир},
	note={\par Куча парадоксов, занимательных задач и фактов! Элементарная теория вероятностей!} }

@misc{polisci:lectures,
	author={Polisci},
	title={Курс лекций. Автор Polisci.},
	note={\par Прекрасный курс с лекционными материалами и задачами для бакалавров. Наиболее соответствует курсу ГУ-ВШЭ в настоящее время. Единственный минус - он там темнит по-поводу perfect bayesian nash equilibrium.} }
	
@misc{cramton:lectures,
	author={Cramton},
	title={Курс лекций. Автор Cramton.},
	note={\par Прекрасный курс с лекционными материалами и задачами для магистров.} }

@misc{mti:lectures,
	title={Курс Массачусетского Технологического института.},
	note={\par \url{http://web.mit.edu/14.12/www/index.html} Лекции, задачи, образцы экзамена.} }


@misc{kockesen:lectures,
	author={Kockesen},
	title={Курс лекций, автор Kockesen.},
	note={\par \url{http://www.columbia.edu/~lk290/gameug.htm} Еще один хороший курс. Лекции и задачи..} }




@book{brams:dps,
	author={Брамс С. and А. Тейлор}, 
	title={Делим по справедливости},
	publisher={Москва, Синтег},
	year={2002},
	note={\par Книга с огромным количеством примеров дележа! Кэмп-Дэвидские соглашения и процедура дележа <<подстраивающийся победитель>>. Ничего кроме умения решать уравнения вроде  $6x+7=8$  не требуется. } }
	



@misc{squintani:nncgt,
	author={F. Squintani}, 
	title={Notes for Non-Cooperative Game Theory},
	note={\par Заметки к лекциям магистерского уровня. На стадии разработки (похоже вечной), т.е. есть пропуски и небольшие ошибки. Стоит прочитать тем, кто хочет заниматься теорией игр. Автор убрал их из открытого доступа в сети. Может готовятся к публикации... Но кто ищет ;) } }
	

@book{zade:rn,
	author={Гусейн-Заде},
	title={Разборчивая невеста},
	year={2003},
	publisher={МЦНМО},
	note={\par \url{http://www.mccme.ru/mmmf-lectures/books/books/books.php} Задача про разборчивую невесту, изложенная на школьном уровне.} }
	

@book{osborne:igt,
	author={M. Osborne},
	title={Introduction to game theory},
	year={2004},
	publisher={Oxford University Press},
	note={\par Лучший учебник по теории игр для начинающих. Много задач, широкий охват материала.} }

@book{osborne:cgt,
	author={M. Osborne and A. Rubinstein},
	title={A course in game theory}, 
	publisher={The MIT Press}, 
	year={1994},
	note={\par Можно рассматривать как более серьезное продолжение книги Osborne, Introduction to game theory} }
	

@book{miller:gtw,
  author={J. Miller},
  title={Game theory at work},
	year={2003},
	publisher={McGraw-Hill},
	note={\par Книга, занимающая промежуточное положение между хорошей комедией и учебником для вузов, рекомендованным Министерством образования РФ.}}


@book{gintis:gte,
	author={H. Gintis}, 
	title={Game theory evolving}, 
	publisher={Princeton University Press}, 
	year={2000},
	note={\par Большой сборник задач, связанных между собой. При особой усидчивости можно освоить теорию игр по задачам, узнав кучу интересных вещей!} }

@book{danilov:lte,
  author={В.И. Данилов}, 
	title={Лекции по теориЯ игр},
	year={2002},
	publisher={РЭШ},
	note={\par \url{http://www.nes.ru/RUssIan/research/abstracts/2002/Danilov-r.htm} \par Хороший курс для математиков на русском }}




@book{ross:scp,
  author={S. Ross},
  title={Second course in probability},
	note={\par Разные доказательства ЦПт, много интересного, но иногда есть неточности}}

@book{williams:pwm,
  author={Williams},
  title={Probability with martingales},
	note={\par Если перед отправкой на необитаемый остров вам предложат взять с собой одну книгу про мартингалы... Берите эту!}}

@book{zastawniak:bsp,
  author={Zastawniak},
  title={Basic Stochastic Processes},
	note={\par Самое простое изложении формулы Ито и ее строгого доказательства}}


@book{stirzaker:prp,
  author={Stirzaker},
  title={Probability and random processes} }

@book{stirzaker:otep,
  author={Stirzaker},
  title={One thousand exercise in probability} }


@book{yashenko:krypto,
  author={Ященко},
  title={Криптография для школьников} }

@book{smart:krypto,
  author={Смарт},
  title={Криптография} }




@book{blom:pspt,
  author={Blom},
  title={Problems and snapshots from probability theory},
  note={Сборник красивых задач. Задумывался как продолжение Мостеллера.}}

@book{chang:sp,
  author={Chang},
  title={Stochastic processes}}

@book{morters:m,
  author={Morters},
  title={Martingales},
	note={Хороший конспект по мартингалам с примерами}	}


@misc{aops:keys,
  title={Forum <<Art of problems solving>>},
  note={\url{www.artofproblemsolving.com/forum/ }, среди форумов есть и очень активный по теории вероятностей} }

@misc{gt.net,
  title={Gametheory.net},
  note={\url{www.gametheory.net }, Если захотелось поискать какие-то ресурсы по теории игр, то есть вероятность, что они там упомянуты. Хотя гугл и так рулит. }}


@misc{wilmott:chap,
  title={Forum <<Wilmott - Brainteaser>>},
  note={\url{www.wilmott.com/forum/ }, здесь попадаются хорошие головоломки по теории вероятностей и финансовой математике} }
	
	
	
@misc{lones:dtc,
	author={Lones Smith},
	title={Computing the Diffusion Process Limit of a Sequence of
Suitably Scaled Continuous Time Stochastic Processes},
	note={\par \url{}, Как заменить процесс с частыми и мелкими случайными шоками на процесс Ито? Всего одна страница}
	
	
	}

